% This file was created with JabRef 2.10.
% Encoding: UTF-8


@Article{Ahangi2012,
  Title                    = {Multiple classifier system for {EEG} signal classification with application to brain--computer interfaces},
  Author                   = {{Amir} Ahangi and {Mehdi} Karamnejad and {Nima} Mohammadi and {Reza} Ebrahimpour and {Nasoor} Bagheri},
  Journal                  = {Neural Computing and Applications},
  Year                     = {2012},

  Month                    = {Jul},
  Number                   = {5},
  Pages                    = {1319–1327},
  Volume                   = {23},

  __markedentry            = {[omarpr:6]},
  Doi                      = {10.1007/s00521-012-1074-3},
  ISSN                     = {1433-3058},
  Owner                    = {omar},
  Publisher                = {Springer Science + Business Media},
  Timestamp                = {2016.08.15},
  Url                      = {http://dx.doi.org/10.1007/s00521-012-1074-3}
}

@Article{Akram2014,
  Title                    = {A P300--based brain computer interface system for words typing},
  Author                   = {{Faraz} Akram and {Hee-Sok} Han and {Tae-Seong} Kim},
  Journal                  = {Computers in Biology and Medicine},
  Year                     = {2014},

  Month                    = {Feb},
  Pages                    = {118–125},
  Volume                   = {45},

  Doi                      = {10.1016/j.compbiomed.2013.12.001},
  File                     = {Akram2014.pdf:Referencias/Akram2014.pdf:PDF},
  ISSN                     = {0010-4825},
  Owner                    = {omarpr},
  Publisher                = {Elsevier BV},
  Timestamp                = {2015.04.23},
  Url                      = {http://dx.doi.org/10.1016/j.compbiomed.2013.12.001}
}

@Article{Akram2015,
  Title                    = {An efficient word typing P300--BCI system using a modified T9 interface and random forest classifier},
  Author                   = {{Faraz} Akram and {Seung Moo} Han and {Tae-Seong} Kim},
  Journal                  = {Computers in Biology and Medicine},
  Year                     = {2015},

  Month                    = {Jan},
  Pages                    = {30–36},
  Volume                   = {56},

  Doi                      = {10.1016/j.compbiomed.2014.10.021},
  File                     = {Akram2015.pdf:Referencias/Akram2015.pdf:PDF},
  ISSN                     = {0010-4825},
  Owner                    = {omarpr},
  Publisher                = {Elsevier BV},
  Timestamp                = {2015.04.23},
  Url                      = {http://dx.doi.org/10.1016/j.compbiomed.2014.10.021}
}
@comment{jabref-meta: databaseType:bibtex;}

