% This file was created with JabRef 2.10.
% Encoding: UTF-8
@book{Bishop2006,
  author    = {Christopher M. Bishop},
  title     = {Pattern Recognition and Machine Learning},
  year      = {2006},
  publisher = {Springer},
  address   = {New York},
  doi       = {10.1007/978-0-387-45528-0}
}

@article{Park2018,
  title = {Machine learning in biomedical engineering},
  volume = {8},
  ISSN = {2093-985X},
  url = {http://dx.doi.org/10.1007/s13534-018-0058-3},
  DOI = {10.1007/s13534-018-0058-3},
  number = {1},
  journal = {Biomedical Engineering Letters},
  publisher = {Springer Science and Business Media LLC},
  author = {Park,  Cheolsoo and Took,  Clive Cheong and Seong,  Joon-Kyung},
  year = {2018},
  month = feb,
  pages = {1–3}
}

@article{Shaikhina2015,
  title = {Machine Learning for Predictive Modelling based on Small Data in Biomedical Engineering},
  volume = {48},
  ISSN = {2405-8963},
  url = {http://dx.doi.org/10.1016/j.ifacol.2015.10.185},
  DOI = {10.1016/j.ifacol.2015.10.185},
  number = {20},
  journal = {IFAC-PapersOnLine},
  publisher = {Elsevier BV},
  author = {Shaikhina,  Torgyn and Lowe,  Dave and Daga,  Sunil and Briggs,  David and Higgins,  Robert and Khovanova,  Natasha},
  year = {2015},
  pages = {469–474}
}

@book{Krishnan2021,
  title     = "Handbook of artificial intelligence in biomedical engineering",
  editor    = "Krishnan, Saravanan and Kesavan, Ramesh and Surendiran, B and
               Mahalakshmi, G S",
  publisher = "Apple Academic Press",
  series    = "Biomedical Engineering: Techniques and Applications",
  month     =  mar,
  year      =  2021,
  address   = "Oakville, MO",
  language  = "en"
}