@book{Donald1986,
  author = {Donald E. Knuth},
  year = {1986},
  title = {The {\TeX} Book},
  publisher = {Addison-Wesley Professional}
}

@book{Mittelbach2004,
  author = {Frank Mittelbach and Michel Gossens
            and Johannes Braams and David Carlisle
            and Chris Rowley},
  year = {2004},
  title = {The {\LaTeX} Companion},
  publisher = {Addison-Wesley Professional},
  edition = {2}
}

@BOOK{Stallings2009,
  title     = "Computer organization and architecture",
  author    = "Stallings, William",
  publisher = "Pearson",
  edition   =  8,
  month     =  apr,
  year      =  2009,
  address   = "Upper Saddle River, NJ",
  language  = "en"
}

@InProceedings{Pina-Ramirez2006,
  author    = {Omar Piña-Ramirez and Raquel Valdes-Cristerna and Oscar Yanez-Suarez},
  title     = {An {FPGA} Implementation of Linear Kernel Support Vector Machines},
  booktitle = {2006 {IEEE} International Conference on Reconfigurable Computing and {FPGA}'s ({ReConFig} 2006)},
  year      = {2006},
  pages     = {6},
  month     = {sep},
  publisher = {{IEEE}},
  doi       = {10.1109/reconf.2006.307784},
  isbn      = {1-4244-0689-7},
  issn      = {2325-6532},
  resumen   = {Se presenta una implementación FPGA optimizada en punto fijo de máquinas de soporte vectorial de kernel lineal para la detección automatizada de materia blanca y materia gris en imágenes de resonancia magnética.},
  url       = {https://doi.org/10.1109/reconf.2006.307784},
}
